%% This BibTeX bibliography file was created using BibDesk.
%% http://bibdesk.sourceforge.net/


%% Created for Gabriela Sch√§r at 2013-03-20 11:40:27 +0100 


%% Saved with string encoding Unicode (UTF-8) 



@booklet{fao,
	Author = {Richard G. Allen and Luis S. Pereira and Dirk Raes and Martin Smith},
	Date-Added = {2013-03-20 08:58:12 +0000},
	Date-Modified = {2013-03-20 10:40:23 +0000},
	Journal = {FAO Irrigation and drainage paper 56},
	Title = {Crop evapotranspiration - Guidelines for computing crop water requirements},
	Year = {1998}}

@booklet{skript,
	Author = {Daniel Braun and Stefan Rubli and Francesca Pellicciotti and Mark B{\"o}hler and Hans Peter F{\"u}chslin},
	Date-Added = {2013-03-03 16:13:04 +0000},
	Date-Modified = {2013-03-03 16:15:10 +0000},
	Title = {Labor 2 f{\"u}r Umweltingenieurwisseschaften},
	Year = {2013}}
